<?xml version="1.0" encoding="UTF-8"?><collection xmlns="http://www.loc.gov/MARC21/slim"><record><leader>00525nam--2200169-u-4500</leader><controlfield tag="001">000051464</controlfield><controlfield tag="002">20161230</controlfield><controlfield tag="005">20170128202611</controlfield><controlfield tag="008">080717s1000------------r-----000-0-eng-d</controlfield><datafield ind1=" " ind2=" " tag="040"><subfield code="a">IFIN-HH</subfield></datafield><datafield ind1="1" ind2=" " tag="100"><subfield code="a">Wanner, Gerhard</subfield></datafield><datafield ind1="1" ind2="0" tag="245"><subfield code="a">Integration Gewohnlicher Differentialgleichungen. Lie-Reihen (mit Programmen) Runge-Kutta-Methoden</subfield></datafield><datafield ind1=" " ind2=" " tag="260"><subfield code="a">Mannheim/Zurich</subfield><subfield code="b">Bibliographisches Institut</subfield><subfield code="c">1969</subfield></datafield><datafield ind1=" " ind2=" " tag="300"><subfield code="a">182 p</subfield></datafield><datafield ind1=" " ind2=" " tag="490"><subfield code="a">B.I. Hochschulskripten 831/831a</subfield></datafield><datafield ind1=" " ind2=" " tag="852"><subfield code="a">35865</subfield><subfield code="c">517.2/3</subfield></datafield><datafield ind1=" " ind2=" " tag="CAT"><subfield code="a">SYS</subfield><subfield code="c">20170128</subfield><subfield code="h">202611</subfield></datafield></record></collection>